[gd_scene load_steps=5 format=2]

[ext_resource path="res://assets/theme/fonts/HildaHand-Regular.ttf" type="DynamicFontData" id=1]
[ext_resource path="res://src/user_interface/pause_menu.gd" type="Script" id=2]

[sub_resource type="DynamicFont" id=1]
size = 32
font_data = ExtResource( 1 )

[sub_resource type="DynamicFont" id=2]
size = 28
font_data = ExtResource( 1 )

[node name="PauseMenu" type="MarginContainer"]
anchor_right = 1.0
anchor_bottom = 1.0
script = ExtResource( 2 )
__meta__ = {
"_edit_use_anchors_": false
}

[node name="ColorRect" type="ColorRect" parent="."]
margin_right = 1080.0
margin_bottom = 607.0
rect_min_size = Vector2( 1080, 607 )
color = Color( 0, 0, 0, 0.219608 )
__meta__ = {
"_edit_use_anchors_": false
}

[node name="VBoxContainer" type="VBoxContainer" parent="."]
margin_right = 1080.0
margin_bottom = 607.0
alignment = 1
__meta__ = {
"_edit_use_anchors_": false
}

[node name="Label" type="Label" parent="VBoxContainer"]
margin_left = 440.0
margin_top = 249.0
margin_right = 640.0
margin_bottom = 281.0
size_flags_horizontal = 4
custom_fonts/font = SubResource( 1 )
text = "Game Paused"
align = 1

[node name="ResumeButton" type="Button" parent="VBoxContainer"]
margin_left = 484.0
margin_top = 285.0
margin_right = 596.0
margin_bottom = 319.0
size_flags_horizontal = 4
custom_fonts/font = SubResource( 2 )
text = "Resume"

[node name="QuitButton" type="Button" parent="VBoxContainer"]
margin_left = 507.0
margin_top = 323.0
margin_right = 573.0
margin_bottom = 357.0
size_flags_horizontal = 4
custom_fonts/font = SubResource( 2 )
text = "Quit"
[connection signal="pressed" from="VBoxContainer/ResumeButton" to="." method="_on_ResumeButton_pressed"]
[connection signal="pressed" from="VBoxContainer/QuitButton" to="." method="_on_QuitButton_pressed"]
